@article{shanhu,
  title={Vortical ciliary flows actively enhance mass transport in reef corals},
  author={Shapiro, Orr H and Fernandez, Vicente I and Garren, Melissa and Guasto, Jeffrey S and Debaillon-Vesque, Fran{\c{c}}ois P and Kramarsky-Winter, Esti and Vardi, Assaf and Stocker, Roman},
  journal={Proceedings of the National Academy of Sciences},
  volume={111},
  number={37},
  pages={13391--13396},
  year={2014},
  publisher={National Acad Sciences}
}